@INPROCEEDINGS{MUSE,
       author = {{De Pontieu}, B. and {Lemen}, J.~R. and {Cheung}, C.~M.~M.},
        title = "{MUSE: the Multi-Slit Solar Explorer}",
     keywords = {7534 Radio emissions, SOLAR PHYSICS, ASTROPHYSICS, AND ASTRONOMY, 7549 Ultraviolet emissions, SOLAR PHYSICS, ASTROPHYSICS, AND ASTRONOMY, 7554 X-rays, gamma rays, and neutrinos, SOLAR PHYSICS, ASTROPHYSICS, AND ASTRONOMY, 7594 Instruments and techniques, SOLAR PHYSICS, ASTROPHYSICS, AND ASTRONOMY},
    booktitle = {AGU Fall Meeting Abstracts},
         year = 2019,
       volume = {2019},
        month = dec,
          eid = {SH33A-07},
        pages = {SH33A-07},
       adsurl = {https://ui.adsabs.harvard.edu/abs/2019AGUFMSH33A..07D},
      adsnote = {Provided by the SAO/NASA Astrophysics Data System}
}
