@ARTICLE{MDI,
       author = {{Scherrer}, P.~H. and {Bogart}, R.~S. and {Bush}, R.~I. and {Hoeksema}, J.~T. and {Kosovichev}, A.~G. and {Schou}, J. and {Rosenberg}, W. and {Springer}, L. and {Tarbell}, T.~D. and {Title}, A. and {Wolfson}, C.~J. and {Zayer}, I. and {MDI Engineering Team}},
        title = "{The Solar Oscillations Investigation - Michelson Doppler Imager}",
      journal = {\solphys},
         year = 1995,
        month = dec,
       volume = {162},
       number = {1-2},
        pages = {129-188},
          doi = {10.1007/BF00733429},
       adsurl = {https://ui.adsabs.harvard.edu/abs/1995SoPh..162..129S},
      adsnote = {Provided by the SAO/NASA Astrophysics Data System}
}


#### Fabry-Perot Visible

Random Ground based Solar Fabry-Perot Interferometer using visible light (duh).  Cited by Lewis Fox, likely better examples.  Pre cursor to GREGOR maybe ????
@ARTICLE{Bendlin1992,
	author = {{Bendlin}, C. and {Volkmer}, R. and {Kneer}, F.},
	title = "{A new instrument for high resolution, two-dimensional solar spectroscopy.}",
	journal = {\aap},
	keywords = {Astronomical Spectroscopy, Solar Spectra, Spectral Resolution, Ultraviolet Spectroscopy, Bandpass Filters, Birefringence, Fabry-Perot Interferometers, Far Ultraviolet Radiation, Spatial Resolution, Instrumentation and Photography},
	year = 1992,
	month = apr,
	volume = {257},
	number = {2},
	pages = {817-823},
	adsurl = {https://ui.adsabs.harvard.edu/abs/1992A&A...257..817B},
	adsnote = {Provided by the SAO/NASA Astrophysics Data System}
}

@ARTICLE{GREGOR,
	author = {{Schmidt}, W. and {von der L{\"u}he}, O. and {Volkmer}, R. and {Denker}, C. and {Solanki}, S.~K. and {Balthasar}, H. and {Bello Gonzalez}, N. and {Berkefeld}, Th. and {Collados}, M. and {Fischer}, A. and {Halbgewachs}, C. and {Heidecke}, F. and {Hofmann}, A. and {Kneer}, F. and {Lagg}, A. and {Nicklas}, H. and {Popow}, E. and {Puschmann}, K.~G. and {Schmidt}, D. and {Sigwarth}, M. and {Sobotka}, M. and {Soltau}, D. and {Staude}, J. and {Strassmeier}, K.~G. and {Waldmann }, T.~A.},
	title = "{The 1.5 meter solar telescope GREGOR}",
	journal = {Astronomische Nachrichten},
	keywords = {instrumentation: high angular resolution, Sun: magnetic fields, telescopes},
	year = 2012,
	month = nov,
	volume = {333},
	number = {9},
	pages = {796},
	doi = {10.1002/asna.201211725},
	adsurl = {https://ui.adsabs.harvard.edu/abs/2012AN....333..796S},
	adsnote = {Provided by the SAO/NASA Astrophysics Data System}
}

### Spectro-Polarimitry

@ARTICLE{CRISP-SST,
	author = {{Scharmer}, G.~B. and {Narayan}, G. and {Hillberg}, T. and {de la Cruz Rodriguez}, J. and {L{\"o}fdahl}, M.~G. and {Kiselman}, D. and {S{\"u}tterlin}, P. and {van Noort}, M. and {Lagg}, A.},
	title = "{CRISP Spectropolarimetric Imaging of Penumbral Fine Structure}",
	journal = {\apjl},
	keywords = {magnetic fields, sunspots, Astrophysics},
	year = 2008,
	month = dec,
	volume = {689},
	number = {1},
	pages = {L69},
	doi = {10.1086/595744},
	archivePrefix = {arXiv},
	eprint = {0806.1638},
	primaryClass = {astro-ph},
	adsurl = {https://ui.adsabs.harvard.edu/abs/2008ApJ...689L..69S},
	adsnote = {Provided by the SAO/NASA Astrophysics Data System}
}

@ARTICLE{HinodeEIS,
	author = {{Culhane}, J.~L. and {Harra}, L.~K. and {James}, A.~M. and {Al-Janabi}, K. and {Bradley}, L.~J. and {Chaudry}, R.~A. and {Rees}, K. and {Tandy}, J.~A. and {Thomas}, P. and {Whillock}, M.~C.~R. and {Winter}, B. and {Doschek}, G.~A. and {Korendyke}, C.~M. and {Brown}, C.~M. and {Myers}, S. and {Mariska}, J. and {Seely}, J. and {Lang}, J. and {Kent}, B.~J. and {Shaughnessy}, B.~M. and {Young}, P.~R. and {Simnett}, G.~M. and {Castelli}, C.~M. and {Mahmoud}, S. and {Mapson-Menard}, H. and {Probyn}, B.~J. and {Thomas}, R.~J. and {Davila}, J. and {Dere}, K. and {Windt}, D. and {Shea}, J. and {Hagood}, R. and {Moye}, R. and {Hara}, H. and {Watanabe}, T. and {Matsuzaki}, K. and {Kosugi}, T. and {Hansteen}, V. and {Wikstol}, {\O}.},
	title = "{The EUV Imaging Spectrometer for Hinode}",
	journal = {\solphys},
	year = 2007,
	month = jun,
	volume = {243},
	number = {1},
	pages = {19-61},
	doi = {10.1007/s01007-007-0293-1},
	adsurl = {https://ui.adsabs.harvard.edu/abs/2007SoPh..243...19C},
	adsnote = {Provided by the SAO/NASA Astrophysics Data System}
}

@INPROCEEDINGS{GOES,
	author = {{Chamberlin}, Phillip C. and {Woods}, Thomas N. and {Eparvier}, Francis G. and {Jones}, Andrew R.},
	title = "{Next generation x-ray sensor (XRS) for the NOAA GOES-R satellite series}",
	booktitle = {Solar Physics and Space Weather Instrumentation III},
	year = 2009,
	editor = {{Fineschi}, Silvano and {Fennelly}, Judy A.},
	series = {Society of Photo-Optical Instrumentation Engineers (SPIE) Conference Series},
	volume = {7438},
	month = aug,
	eid = {743802},
	pages = {743802},
	doi = {10.1117/12.826807},
	adsurl = {https://ui.adsabs.harvard.edu/abs/2009SPIE.7438E..02C},
	adsnote = {Provided by the SAO/NASA Astrophysics Data System}
}

@ARTICLE{SDOAIA,
	author = {{Lemen}, James R. and {Title}, Alan M. and {Akin}, David J. and {Boerner}, Paul F. and {Chou}, Catherine and {Drake}, Jerry F. and {Duncan}, Dexter W. and {Edwards}, Christopher G. and {Friedlaender}, Frank M. and {Heyman}, Gary F. and {Hurlburt}, Neal E. and {Katz}, Noah L. and {Kushner}, Gary D. and {Levay}, Michael and {Lindgren}, Russell W. and {Mathur}, Dnyanesh P. and {McFeaters}, Edward L. and {Mitchell}, Sarah and {Rehse}, Roger A. and {Schrijver}, Carolus J. and {Springer}, Larry A. and {Stern}, Robert A. and {Tarbell}, Theodore D. and {Wuelser}, Jean-Pierre and {Wolfson}, C. Jacob and {Yanari}, Carl and {Bookbinder}, Jay A. and {Cheimets}, Peter N. and {Caldwell}, David and {Deluca}, Edward E. and {Gates}, Richard and {Golub}, Leon and {Park}, Sang and {Podgorski}, William A. and {Bush}, Rock I. and {Scherrer}, Philip H. and {Gummin}, Mark A. and {Smith}, Peter and {Auker}, Gary and {Jerram}, Paul and {Pool}, Peter and {Soufli}, Regina and {Windt}, David L. and {Beardsley}, Sarah and {Clapp}, Matthew and {Lang}, James and {Waltham}, Nicholas},
	title = "{The Atmospheric Imaging Assembly (AIA) on the Solar Dynamics Observatory (SDO)}",
	journal = {\solphys},
	keywords = {Solar corona, Solar instrumentation, Solar imaging, Extreme ultraviolet},
	year = 2012,
	month = jan,
	volume = {275},
	number = {1-2},
	pages = {17-40},
	doi = {10.1007/s11207-011-9776-8},
	adsurl = {https://ui.adsabs.harvard.edu/abs/2012SoPh..275...17L},
	adsnote = {Provided by the SAO/NASA Astrophysics Data System}
}

@ARTICLE{AIA-Response,
	author = {{O'Dwyer}, B. and {Del Zanna}, G. and {Mason}, H.~E. and {Weber}, M.~A. and {Tripathi}, D.},
	title = "{SDO/AIA response to coronal hole, quiet Sun, active region, and flare plasma}",
	journal = {\aap},
	keywords = {Sun: activity, Sun: atmosphere, Sun: corona, Sun: UV radiation},
	year = 2010,
	month = oct,
	volume = {521},
	eid = {A21},
	pages = {A21},
	doi = {10.1051/0004-6361/201014872},
	adsurl = {https://ui.adsabs.harvard.edu/abs/2010A&A...521A..21O},
	adsnote = {Provided by the SAO/NASA Astrophysics Data System}
}


